%ok
@ARTICLE{exm-7-ori,
    title   ={Optimal Ramp Edge Detection using Expansion Matching},
    author  ={Zhiqian Wang; Rao, K. R.; Ben-Arie, J.},
    journal ={IEEE Transactions on Pattern Analysis and Machine Intelligence},
    year    ={1996},
    month   ={November},
    volume  ={18},
    number  ={11},
    pages   ={1092--1097} }

%ok
@ARTICLE{exm-8-ori,
    title   ={Optimal Edge Detection using Expansion Matching and Restoration},
    author  ={Rao, K. R.; Ben-Arie, J.},
    journal ={IEEE Transactions on Pattern Analysis and Machine Intelligence},
    month   ={December},
    year    ={1994},
    volume  ={16},
    number  ={12},
    pages   ={1169--1182} }

%ok
@article{viola-jones,
    author   = "Viola, Paul and Jones, Michael",
    journal  = "International Journal of Computer Vision",
    title    = "Robust Real-Time Object Detection",
    month    = "July",
    volume   = {57},
    number   = {2},
    pages    = "137--154",
    year     = "2001",
    address  = "Vancouver, Canada"}

%ok
@INPROCEEDINGS{viola-jones2,
    author    = {Viola, P.  and Jones, M. },
    BOOKTITLE = {Proceedings of the Conference on Computer Vision and Pattern Recognition},
    pages     = {511--518},
    title     = {Rapid Object Detection using a Boosted Cascade of Simple Features},
    year      = {2001},
    month     = {December},
    address   = {Kauai Marriott, Hawaii}}

%inserção do Luiz - 21.01.14
%ok
@INPROCEEDINGS{pontos-fiduciais1,
author={Tie Yun and Ling Guan},
booktitle={Proceedings of the International Workshop on Multimedia Signal Processing},
title={Automatic Fiducial Points Detection for Facial Expressions using Scale Invariant Feature},
year={2009},
month={Oct},
pages={1-6},
keywords={emotion recognition;face recognition;image sequences;video signal processing;Adaboost classifiers;Cohn-Kanade database;Mind Reading DVD;automatic fiducial points detection;emotion recognition;face detection;face identification;face image database management;facial expression recognition;facial expressions;facial images;local scale-space extrema detection;optimal adaptive correlation technique;scale invariant feature;video sequences;Detectors;Emotion recognition;Face detection;Face recognition;Image databases;Image recognition;Image sequence analysis;Robustness;Testing;Video sequences},
doi={10.1109/MMSP.2009.5293308},}
%ok
@article{pontos-fiduciais2,
author = {Yu Weiwei and Yan Nannan},
title = {Facial Feature Extraction on Fiducial Points and used in Face Recognition},
journal ={IEEE Transactions of Workshop on Intelligent Information Technology Applications},
volume = {3},
year = {2009},
pages = {274-277},
publisher = {IEEE Computer Society},
address = {Los Alamitos, CA, USA},
}

%ok
@INPROCEEDINGS{pontos-fiduciais3,
author={Tie Yun and Ling Guan},
booktitle={Proceedings of Conference on Image Processing},
title={Fiducial Point Tracking for Facial Expression using Multiple Particle Filters with Kernel Correlation Analysis},
year={2010},
month={Sept},
pages={373-376},
keywords={Markov processes;correlation methods;evolutionary computation;face recognition;object detection;particle filtering (numerical methods);DE-MC particle filter;facial expression;facial image interpretation task;fiducial point tracking;kernel correlation analysis;multiple differential evolution Markov chain;multiple particle filter;scale invariant feature based detector;Correlation;Detectors;Face;Feature extraction;Kernel;Particle filters;Target tracking;Differential Evolution - Markov Chain;Fiducial points;Kernel Correlation Analysis},
doi={10.1109/ICIP.2010.5654251},
ISSN={1522-4880},}
%ok
@INPROCEEDINGS{fundamentos1,
author={Rapp, V. and Senechal, T. and Bailly, K. and Prevost, L.},
booktitle={Proceedings of the Conference on Automatic Face Gesture Recognition and Workshops},
title={Multiple Kernel Learning {SVM} and Statistical Validation for Facial Landmark Detection},
year={2011},
month={March},
pages={265-271},
keywords={emotion recognition;face recognition;learning (artificial intelligence);object detection;statistical analysis;support vector machines;facial expressions;facial landmark detection;independent point detection;multiple kernel learning SVM;statistical validation;support vector machine;Databases;Detectors;Face;Kernel;Pixel;Support vector machines;Training},
doi={10.1109/FG.2011.5771409},}

%ok

@ARTICLE{lear,
author={Martinez, B. and Valstar, M.F. and Binefa, X. and Pantic, M.},
journal={IEEE Transactions on Pattern Analysis and Machine Intelligence},
title={Local Evidence Aggregation for Regression-Based Facial Point Detection},
year={2013},
month={May},
volume={35},
number={5},
pages={1149-1163},
keywords={face recognition;object detection;regression analysis;shape recognition;exhaustive-search approach;face shape model;facial point detection;local evidence aggregation;near-frontal face image;probabilistic graphical model;regression-based approach;sequential approximation;target location detection;Face;Feature extraction;Prediction algorithms;Shape;Support vector machines;Training;Vectors;Facial point detection;object detection;probabilistic graphical networks;support vector regression;Biometric Identification;Databases, Factual;Face;Humans;Image Processing, Computer-Assisted;Regression Analysis;Support Vector Machines},
doi={10.1109/TPAMI.2012.205},
ISSN={0162-8828},}
